<record><leader>00000cas a22000007a 4500</leader><controlfield tag="001">42894527</controlfield><controlfield tag="008">991129c19959999vaudr ne      0    0eng d</controlfield><datafield ind1=" " ind2=" " tag="010"><subfield code="a">sn 99066923 </subfield></datafield><datafield ind1=" " ind2=" " tag="040"><subfield code="a">NVK</subfield><subfield code="b">eng</subfield><subfield code="c">NVK</subfield><subfield code="d">OCLCQ</subfield><subfield code="d">OCLCF</subfield><subfield code="d">OCLCO</subfield></datafield><datafield ind1=" " ind2=" " tag="019"><subfield code="a">990468593</subfield></datafield><datafield ind1="1" ind2=" " tag="029"><subfield code="a">NZ1</subfield><subfield code="b">16072358</subfield></datafield><datafield ind1=" " ind2=" " tag="042"><subfield code="a">msc</subfield></datafield><datafield ind1=" " ind2=" " tag="043"><subfield code="a">n-us-va</subfield></datafield><datafield ind1="0" ind2=" " tag="130"><subfield code="a">Roanoke times (Roanoke, Va. : New River Valley ed.)</subfield></datafield><datafield ind1="1" ind2="4" tag="245"><subfield code="a">The Roanoke times.</subfield></datafield><datafield ind1=" " ind2=" " tag="250"><subfield code="a">New River Valley ed.</subfield></datafield><datafield ind1=" " ind2=" " tag="260"><subfield code="a">Roanoke, Va. :</subfield><subfield code="b">Times-World Corp.</subfield></datafield><datafield ind1=" " ind2=" " tag="300"><subfield code="a">v.</subfield></datafield><datafield ind1=" " ind2=" " tag="310"><subfield code="a">Daily</subfield></datafield><datafield ind1="1" ind2=" " tag="362"><subfield code="a">Began in 1995?</subfield></datafield><datafield ind1=" " ind2=" " tag="525"><subfield code="a">Contains supplement: New River Current.</subfield></datafield><datafield ind1=" " ind2=" " tag="530"><subfield code="a">Available on microfilm from UMI.</subfield></datafield><datafield ind1=" " ind2=" " tag="588"><subfield code="a">Description based on issue for: June 1, 1999.</subfield></datafield><datafield ind1=" " ind2="0" tag="651"><subfield code="a">Roanoke (Va.)</subfield><subfield code="v">Newspapers.</subfield></datafield><datafield ind1=" " ind2="7" tag="655"><subfield code="a">Newspapers.</subfield><subfield code="2">fast</subfield><subfield code="0">(OCoLC)fst01423814</subfield></datafield><datafield ind1=" " ind2="7" tag="651"><subfield code="a">Virginia</subfield><subfield code="z">Roanoke.</subfield><subfield code="2">fast</subfield><subfield code="0">(OCoLC)fst01206560</subfield></datafield><datafield ind1=" " ind2=" " tag="752"><subfield code="a">United States</subfield><subfield code="b">Virginia</subfield><subfield code="d">Roanoke.</subfield></datafield><datafield ind1="0" ind2=" " tag="775"><subfield code="t">Roanoke times (Roanoke, Va. : 1995)</subfield><subfield code="w">(DLC)sn 99066787</subfield></datafield></record>